<record><leader>00000cas a22000007a 4500</leader><controlfield tag="001">11876076</controlfield><controlfield tag="008">850402d183u183uriuwr ne      0    0eng d</controlfield><datafield ind1=" " ind2=" " tag="010"><subfield code="a">sn 85054370 </subfield></datafield><datafield ind1=" " ind2=" " tag="040"><subfield code="a">NYG</subfield><subfield code="b">eng</subfield><subfield code="c">NYG</subfield><subfield code="d">RHN</subfield><subfield code="d">OCL</subfield><subfield code="d">KRTAS</subfield><subfield code="d">OCLCQ</subfield><subfield code="d">OCLCF</subfield><subfield code="d">OCLCO</subfield></datafield><datafield ind1=" " ind2=" " tag="042"><subfield code="a">msc</subfield></datafield><datafield ind1=" " ind2=" " tag="043"><subfield code="a">n-us-ri</subfield></datafield><datafield ind1="0" ind2="0" tag="245"><subfield code="a">Washington county advocate.</subfield></datafield><datafield ind1=" " ind2=" " tag="260"><subfield code="a">Wickford, R.I. :</subfield><subfield code="b">James J. Brenton</subfield></datafield><datafield ind1=" " ind2=" " tag="300"><subfield code="a">v.</subfield></datafield><datafield ind1=" " ind2=" " tag="310"><subfield code="a">Weekly</subfield></datafield><datafield ind1=" " ind2=" " tag="588"><subfield code="a">Description based on: Vol. 1, no. 30 (Mar. 4, 1831).</subfield></datafield><datafield ind1=" " ind2="0" tag="651"><subfield code="a">North Kingstown (R.I. : Town)</subfield><subfield code="v">Newspapers.</subfield></datafield><datafield ind1=" " ind2="7" tag="655"><subfield code="a">Newspapers.</subfield><subfield code="2">fast</subfield><subfield code="0">(OCoLC)fst01423814</subfield></datafield><datafield ind1=" " ind2="7" tag="651"><subfield code="a">Rhode Island</subfield><subfield code="z">North Kingstown (Town)</subfield><subfield code="2">fast</subfield><subfield code="0">(OCoLC)fst01331671</subfield></datafield><datafield ind1=" " ind2=" " tag="752"><subfield code="a">United States</subfield><subfield code="b">Rhode Island</subfield><subfield code="c">Washington</subfield><subfield code="d">Wickford.</subfield></datafield><datafield ind1=" " ind2=" " tag="938"><subfield code="a">Kirtas Technologies, Inc.</subfield><subfield code="b">KRTS</subfield><subfield code="n">739101</subfield></datafield></record>